@article{mazurek2015robust,
  title={Robust quantification of orientation selectivity and direction selectivity},
  author={Mazurek, Mark and Kager, Marisa and Van Hooser, Stephen D},
  journal={Neural Circuits Revealed},
  pages={127},
  year={2015},
  publisher={Frontiers Media SA}
}

@article{tiesinga2008regulation,
  title={Regulation of spike timing in visual cortical circuits},
  author={Tiesinga, Paul and Fellous, Jean-Marc and Sejnowski, Terrence J},
  journal={Nature reviews neuroscience},
  volume={9},
  number={2},
  pages={97--107},
  year={2008},
  publisher={Nature Publishing Group}
}

@book{rosenbaum2014correlated,
  title={Correlated neuronal activity and its relationship to coding, dynamics and network architecture: },
  author={Rosenbaum, R. and Tchumatchenko, T. and Moreno-Bote, R.},
  isbn={9782889193578},
  series={Frontiers Research Topics},
  url={https://books.google.co.in/books?id=AQNdBgAAQBAJ},
  year={2014},
  publisher={Frontiers E-books}
}

@article{lin2011music,
  title={Music Matching Based on Rough Longest Common Subsequence.},
  author={Lin, Hwei-Jen and Wu, Hung-Hsuan and Wang, Chun-Wei},
  journal={J. Inf. Sci. Eng.},
  volume={27},
  number={1},
  pages={95--110},
  year={2011}
}

@article{duttaraga,
  title={RAGA VERIFICATION IN CARNATIC MUSIC USING LONGEST COMMON SEGMENT SET},
  author={Dutta, Shrey and PV, Krishnaraj Sekhar and Murthy, Hema A}
}

@book{bear2007neuroscience,
  title={Neuroscience: },
  author={Bear, M.F. and Connors, B.W. and Paradiso, M.A.},
  isbn={9780781760034},
  lccn={2005034900},
  series={Neuroscience: Exploring the Brain},
  url={https://books.google.co.in/books?id=75NgwLzueikC},
  year={2007},
  publisher={Lippincott Williams \& Wilkins}
}

@book{hubel1995eye,
  title={Eye, Brain, and Vision},
  author={Hubel, D.H.},
  isbn={9780716760092},
  lccn={lc87023506},
  series={Scientific American Library Series},
  url={https://books.google.co.in/books?id=2Id9QgAACAAJ},
  year={1995},
  publisher={Henry Holt and Company}
}

@article{vogelstein2010fast,
  title={Fast nonnegative deconvolution for spike train inference from population calcium imaging},
  author={Vogelstein, Joshua T and Packer, Adam M and Machado, Timothy A and Sippy, Tanya and Babadi, Baktash and Yuste, Rafael and Paninski, Liam},
  journal={Journal of neurophysiology},
  volume={104},
  number={6},
  pages={3691--3704},
  year={2010},
  publisher={Am Physiological Soc}
}

@article{rikhye2015spatial,
  title={Spatial Correlations in Natural Scenes Modulate Response Reliability in Mouse Visual Cortex},
  author={Rikhye, Rajeev V and Sur, Mriganka},
  journal={The Journal of Neuroscience},
  volume={35},
  number={43},
  pages={14661--14680},
  year={2015},
  publisher={Soc Neuroscience}
}


